@misc{interview,
    author={B., Richard},
    howpublished={Persönliches Gespräch},
    year={2016},
}

@online{afp,
    author={AFP},
    title={BlaBlaCar kauft mitfahrgelegenheit.de und mitfahrzentrale.de},
    year={2015},
    url={http://www.zeit.de/news/2015-04/15/deutschland-blablacar-kauft-mitfahrgelegenheitde-und-mitfahrzentralede-15111021},
    urldate={14.11.2016}
}

@online{blablacar,
    author={Blablacar},
    title={Über uns},
    url={https://www.blablacar.de/ueber-uns},
    urldate={14.11.2016},
    year={2016}
}

@online{zeit,
    author={Marvin Strathmann},
    title={Gegen die Wand gefahren},
    url={http://www.zeit.de/digital/internet/2016-03/mitfahrgelegenheit-31-maerz-blablacar/komplettansicht},
    urldate={14.11.2016},
    year={2016}
}
