@misc{timeflip,
    title={{What is TimeFlip?}},
    author={{timeflip.io}},
    year={2016},
    url={https://timeflip.io/en/device},
    note={{Accessed on 2020-04-27}}
}

@misc{tiller,
    title={{How it works}},
    author={{gettiller.com}},
    year={2016},
    url={https://www.gettiller.com/how-it-works},
    note={{Accessed on 2020-05-21}}
}

@misc{timeular,
    title={{Itâ€™s never been easier to see where your time goes}},
    author={{timeular.com}},
    year={2018},
    url={https://timeular.com/product/tracker/},
    note={{Accessed on 2020-05-21}}
}

@book{hintjens2013zeromq,
    title={{ZeroMQ: Messaging for Many Applications}},
    author={Hintjens, Pieter},
    isbn={9781449334062},
    year={2013},
    publisher={O'Reilly}
}

@inproceedings{real-time-tracker,
    title={A low-cost real-time tracker of live sport events},
    author={Pers, Janex and Vuckovic, Goran and Kovacic, Stanislav and Dezman, Branko},
    year={2001},
    booktitle={ISPA 2001. Proceedings of the 2nd International Symposium on Image and Signal Processing and Analysis. In conjunction with 23rd International Conference on Information Technology Interfaces (IEEE Cat.},
    pages={362-365},
    organization={IEEE}
}
