@misc{w3c,
    author = {Dorwin, D. and Smith, J. and Watson, M. and Bateman, A.},
    title = {{Encrypted Media Extensions}},
    year = 2017,
    publisher = {W3C},
    howpublished = {\url{https://www.w3.org/TR/encrypted-media/}},
    note = {Zugriff am 26. April 2017}
}

@misc{w3c-crypto,
    author = {Watson, M.},
    title = {{Web Cryptography API}},
    year = 2017,
    publisher = {W3C},
    howpublished = {\url{https://www.w3.org/TR/WebCryptoAPI/}},
    note = {Zugriff am 25. Mai 2017}
}

@misc{html5rocks,
    author = {Dutton, Sam},
    title = {{EME WTF?}},
    year = 2014,
    publisher = {HTML5 Rocks},
    howpublished = {\url{https://www.html5rocks.com/en/tutorials/eme/basics/}},
    note = {Zugriff am 22. Mai 2017}
}

@book{duden,
    title = {{Duden: Deutsches Universalw√∂rterbuch}},
    editor = {Duden},
    publisher = {Bibliographisches Institut},
    year = {2015},
    edition = {8}
}

@misc{defectivebydesign,
    title = {{What is DRM?}},
    year = 2017,
    publisher = {Free Software Foundation},
    howpublished = {\url{https://www.defectivebydesign.org/what_is_drm_digital_restrictions_management}},
    note = {Zugriff am 22. Mai 2017}
}

@misc{netflix,
    title = {{HTML5 Video at Netflix}},
    author = {Park, A. and Watson, M.},
    year = 2013,
    publisher = {Medium.com},
    howpublished = {\url{https://medium.com/netflix-techblog/html5-video-at-netflix-721d1f143979}},
    note = {Zugriff am 25. Mai 2017}
}

@misc{netflix-4k,
    title = {{4K Netflix arrives on Windows 10, but probably not for your PC}},
    author = {Warren, Tom},
    year = 2016,
    publisher = {The Verge},
    howpublished = {\url{https://www.theverge.com/2016/11/21/13703152/netflix-4k-pc-windows-support}},
    note = {Zugriff am 26. Mai 2017}
}

@misc{pcworld,
    title = {{Tested: Microsoft Edge is the only browser to run Netflix in 4K}},
    author = {Hachman, Mark},
    year = 2017,
    publisher = {PCWorld},
    howpublished = {\url{http://www.pcworld.com/article/3181818/browsers/tested-microsoft-edge-is-the-only-browser-to-run-netflix-in-4k.html}},
    note = {Zugriff am 12. Juni 2017}
}

@misc{heise,
    title = {{Netflix 4K auf dem PC ausprobiert: Kaby Lake funktioniert, GeForce 1000 und Radeon RX 400 nicht}},
    author = {Fischer, Martin},
    year = 2016,
    publisher = {Heise Online},
    howpublished = {\url{https://heise.de/-3505452}},
    note = {Zugriff am 12. Juni 2017}
}

@misc{nvidia,
    title = {{Preview of 4K UHD Netflix content on NVIDIA GPUs}},
    year = 2017,
    author = {Nvidia-Support},
    publisher = {Nvidia},
    howpublished = {\url{https://nvidia.custhelp.com/app/answers/detail/a_id/4457}},
    note = {Zugriff am 12. Juni 2017}
}

@misc{aomedia,
    title = {{Open. Fast. Royalty-free.}},
    year = 2015,
    publisher = {Alliance for Open Media},
    howpublished = {\url{http://aomedia.org/about-us/}},
    note = {Zugriff am 12. Juni 2017}
}
