@misc{christinedemerchant,
    author = {DeMerchant, Christine},
    title = {{Carbon Fibre Characteristics}},
    year = {n.d.},
    publisher = {www.christinedemerchant.com},
    howpublished = {\url{http://www.christinedemerchant.com/carboncharacteristics.html}},
    urldate = {2017-10-01}
}

@misc{zoltek,
    title = {{How is it made?}},
    year = {n.d.},
    publisher = {www.zoltek.com},
    howpublished = {\url{http://zoltek.com/carbonfiber/how-is-it-made/}},
    urldate = {2017-10-08}
}

@misc{thoughtco,
    author = {Johnson, Todd},
    title = {{How Is Carbon Fiber Made?}},
    year = {2017},
    publisher = {ThoughtCo.},
    howpublished = {\url{https://www.thoughtco.com/how-is-carbon-fiber-made-820391}},
    urldate = {2017-10-08}
}

@misc{telegraph,
    author = {English, Andrew},
    title = {{2016 BMW i3 review: the best electric car this side of a Tesla - and half the price}},
    year = {2016},
    publisher = {The Telegraph},
    howpublished = {\url{http://www.telegraph.co.uk/cars/bmw/bmw-i3-review-together-in-electric-dreams/}},
    urldate = {2017-10-08}
}

@misc{mezzoforte,
    title = {{Carbon fiber stringed instruments}},
    year = {n.d.},
    publisher = {Mezzo Forte},
    howpublished = {\url{https://www.mezzo-forte.de/c_carbon-instruments-overview.html}},
    urldate = {2017-10-08}
}

@misc{guardian,
    title = {{Carbon fibre: the wonder material with a dirty secret}},
    author = {Harris, Mark},
    year = {2017},
    publisher = {The Guardian},
    howpublished = {\url{https://www.theguardian.com/sustainable-business/2017/mar/22/carbon-fibre-wonder-material-dirty-secret}},
    urldate = {2017-10-08}
}
