@article{rohrbach2019,
    title={{Bone Erosion Scoring for Rheumatoid Arthritis with Deep Convolutional Neural Networks}},
    journal={{Computers \& Electrical Engineering}},
    volume={78},
    pages={472-481},
    year={2019},
    issn={0045-7906},
    url={http://www.sciencedirect.com/science/article/pii/S0045790618329409},
    author={Janick Rohrbach and Tobias Reinhard and Beate Sick and Oliver Dürr},
}

@misc{rohrbach2017,
    author={Rohrbach, Janick},
    title={{Arthritis Net}},
    subtitle={{Automated Bone Erosion Scoring for Rheumatoid Arthritis with Deep Convolutional Neural Networks}},
    school={{Zürcher Hochschule für Angewandte Wissenschaften}},
    year={2017},
    month={12},
    howpublished={\url{https://github.com/janickrohrbach/arthritis-net/blob/master/doc/project.pdf}},
}

@book{zheng2015,
    year={2015},
    title={{Evaluating Machine Learning Models}},
    subtitle={{A Beginner's Guide to Key Concepts and Pitfalls}},
    author={Zheng, Alice},
    publisher={{O'Reilly}},
}

@book{géron2019,
    year={2019},
    title={{Hands-On Machine Learning with Scikit-Learn, Keras \& TensorFlow}},
    subtitle={{Concepts, Tools, and Techniques for Build Intelligent Systems}},
    author={Géron, Auréli},
    publisher={{O'Reilly}},
    edition={{Zweite}},
}

@book{hintjens2013,
    year={2013},
    title={{ZeroMQ}},
    subtitle={{Messaging for Many Applications}},
    author={Hintjens, Pieter},
    publisher={{O'Reilly}},
    edition={{Erste}},
}

@book{enterprise-integration-patterns,
    title={{Enterprise Integration Patterns: Designing, Building, and Deploying Messaging Solutions}},
    author={Hohpe, G. and Woolf, B. and Brown, K. and Fowler, M.},
    isbn={9780321200686},
    year={2004},
    publisher={Addison-Wesley},
    series={{A Martin Fowler signature book}}
}

@misc{onnx,
    year={2019},
    title={{ONNX}},
    howpublished={\url{https://lfai.foundation/projects/onnx/}},
    note={{Zugriff am 21.02.2020}}
}

@techreport{pep3333,
    author={Eby, P. J.},
    title={{Python Web Server Gateway Interface v1.0.1}},
    year={2010},
    type={PEP},
    number={3333},
    url={https://www.python.org/dev/peps/pep-3333}
}

@misc{techterms-webservice,
    title={{Web Service}},
    author={{TechTerms}},
    year={2017},
    publisher={{TechTerms}},
    url={https://techterms.com/definition/web_service},
    note={{Zugriff am 11.04.2020}}
}

@misc{techopedia-webservice,
    title={{Web Service}},
    author={{Techopedia}},
    year={2017},
    publisher={{Techopedia}},
    url={https://www.techopedia.com/definition/25301/web-service},
    note={{Zugriff am 11.04.2020}}
}

@misc{les-services-web,
    title={{Les services Web ‒ Définition}},
    author={{Institut d'électronique et d'informatique Gaspard-Monge (IGM)}},
    publisher={{Institut d'électronique et d'informatique Gaspard-Monge (IGM)}},
    url={http://www-igm.univ-mlv.fr/~dr/XPOSE2004/woollams/definition.html},
    note={{Zugriff am 11.04.2020}}
}

@misc{infoq-soap-rest,
    title={{How REST replaced SOAP on the Web: What it means to you}},
    author={Mason, Ross},
    year={2011},
    publisher={{InfoQ}},
    url={https://www.infoq.com/articles/rest-soap/},
    note={{Zugriff am 11.04.2020}}
}

@techreport{RFC7233,
    author={Fielding, R. and Lafon, Y. and Reschke, J.},
    title={{Hypertext Transfer Protocol (HTTP/1.1): Range Requests}},
    howpublished={{Internet Requests for Comments}},
    type={RFC},
    number={7233},
    year={2014},
    month={June},
    issn={2070-1721},
    publisher={{RFC Editor}},
    institution={{RFC Editor}},
    url={http://www.rfc-editor.org/rfc/rfc7233.txt},
    note={\url{http://www.rfc-editor.org/rfc/rfc7233.txt}},
}

@techreport{RFC7230,
    author={Fielding, R. and Reschke, J.},
    title={{Hypertext Transfer Protocol (HTTP/1.1): Message Syntax and Routing}},
    howpublished={{Internet Requests for Comments}},
    type={RFC},
    number={7230},
    year={2014},
    month={June},
    issn={2070-1721},
    publisher={RFC Editor},
    institution={RFC Editor},
    url={http://www.rfc-editor.org/rfc/rfc7230.txt},
    note={\url{http://www.rfc-editor.org/rfc/rfc7230.txt}},
}

@misc{leanix-microservices,
    author={Mauersberger, Laura},
    title={{Microservices: What They Are and Why Use Them}},
    publisher={{LeanIX}},
    year={2019},
    url={https://www.leanix.net/en/blog/a-brief-history-of-microservices},
    note={{Zugriff am 11.04.2020}}
}

@book{fielding2000,
    title={Architectural styles and the design of network-based software architectures},
    author={Fielding, Roy T and Taylor, Richard N},
    volume={7},
    year={2000},
    publisher={University of California, Irvine Irvine}
}

@misc{7-data-types,
    title={7 Data Types: A Better Way to Think about Data Types for Machine Learning},
    author={Hale, Jeff},
    year={2018},
    publisher={Towards Data Science},
    url={https://towardsdatascience.com/7-data-types-a-better-way-to-think-about-data-types-for-machine-learning-939fae99a689},
    note={{Zugriff am 13.04.2020}}
}

@article{conway1968committees,
    title={How do committees invent},
    author={Conway, Melvin E},
    journal={Datamation},
    volume={14},
    number={4},
    pages={28-31},
    year={1968}
}

@article{goldman1964,
    title={{Lindy's Law}},
    author={Goldman, Albert},
    journal={{New Republic}},
    year={1964},
    month={June},
    pages={34-35},
}

@misc{linuxjournal-onnx,
    title={{ONNX: the Open Neural Network Exchange Format}},
    author={Gaskill, Braddock},
    publisher={{Linux Journal}},
    year={2018},
    url={https://www.linuxjournal.com/content/onnx-open-neural-network-exchange-format},
    note={{Zugriff am 29.04.2020}}
}

@misc{heise-onnx,
    title={{Machine Learning: Linux Foundation übernimmt das ONNX-Projekt}},
    author={Parbel, Matthias},
    publisher={{Heise Online}},
    year={2019},
    url={https://www.heise.de/developer/meldung/Machine-Learning-Linux-Foundation-uebernimmt-das-ONNX-Projekt-4586969.html},
    note={{Zugriff am 29.04.2020}}
}

@misc{cloudblogs-onnx,
    title={{Announcing ONNX Runtime 1.0}},
    author={Xu, Faith},
    publisher={{Microsoft Open Source Blox}},
    year={2019},
    url={https://cloudblogs.microsoft.com/opensource/2019/10/30/announcing-onnx-runtime-1-0/},
    note={{Zugriff am 29.04.2020}}
}

@misc{purebasic,
    title={{PureBasic Download}},
    publisher={{Fantaisie Software}},
    year={2020},
    url={https://www.purebasic.com/german/download.php},
    note={{Zugriff am 29.04.2020}}
}

@book{programming-erlang,
    title={{Programming Erlang}},
    author={Armstrong, Joe},
    year={2013},
    publisher={{Pragmatic Bookshelf}},
    edition={{Second}},
    isbn={{978-1-93778-553-6}}
}

@misc{concurrency-is-not-parallelism,
    title={{Concurrency is not Parallelism}},
    author={Pike, Rob},
    year={2013},
    publisher={{Heroku}},
    url={https://vimeo.com/49718712},
    note={{Zugriff am 03.05.2020}}
}

@misc{go-proverbs,
    title={{Go Proverbs}},
    author={Pike, Rob},
    year=2015,
    publisher={{The Go Programming Language}},
    url={https://www.youtube.com/watch?v=PAAkCSZUG1c},
    note={{Zugriff am 24.05.2020}}
}

@misc{docker-vs-systemd,
    title={{Docker versus Systemd}},
    subtitle={{Can't we just get along?}},
    author={Walsh, Dan},
    year=2016,
    publisher={{Red Hat Summit}},
    url={https://www.youtube.com/watch?v=93VPog3EKbs},
    note={{Zugriff am 26.05.2020}}
}

@misc{interrater-reliability,
    title={{Interrater reliability: the kappa statistic}},
    author={McHugh, Mary L.},
    year={2012},
    month={10},
    publisher={{Biochemia Medica}},
    url={https://www.ncbi.nlm.nih.gov/pmc/articles/PMC3900052/},
    note={{Zugriff am 03.05.2020}}
}

@article{warrens-kappa,
    title={{Weighted kappa is higher than Cohen’s kappa for tridiagonal agreement tables}},
    journal={{Statistical Methodology}},
    volume={8},
    number={2},
    pages={268-272},
    year={2011},
    issn={1572-3127},
    url={http://www.sciencedirect.com/science/article/pii/S1572312710000973},
    author={Warrens, Matthijs J.},
}

@misc{precision-recall-f1,
    title={{Accuracy, Precision, Recall or F1?}},
    author={Shung, Koo Ping},
    year={2018},
    url={https://towardsdatascience.com/accuracy-precision-recall-or-f1-331fb37c5cb9},
    note={{Zugriff am 16.05.2020}}
}

@book{composing-software,
    title={{Composing Software}},
    subtitle={{An Exploration of Functional Programming and Object Composition in JavaScript}},
    author={Elliot, Eric},
    year=2020,
    publisher={{Leanpub}},
    url={https://leanpub.com/composingsoftware}
}

@misc{dijkstra-council,
    title={{To the members of the Budget Council}},
    author={Dijkstra, Edsger W.},
    year=2001,
    publisher={{University of Texas at Austin}},
    url={https://www.cs.utexas.edu/users/EWD/transcriptions/OtherDocs/Haskell.html},
    note={{Zugriff am 17.05.2020}}
}

@misc{quoteinvestigator,
    title={{If Your Only Tool Is a Hammer Then Every Problem Looks Like a Nail}},
    author={O'Toole, Garson},
    year=2014,
    publisher={{Tracing Quotations}},
    url={https://quoteinvestigator.com/2014/05/08/hammer-nail/},
    note={{Zugriff am 17.05.2020}}
}

@book{gopl,
    title={{The Go Programming Language}},
    author={Donovan, Alan A. A. and Kernighan, Brian W.},
    year=2015,
    publisher={{Addison-Wesley}},
    isbn={9780134190440}
}

@book{rabbitmq,
    title={{RabbitMQ in Depth}},
    author={Roy, Gavin M},
    year=2017,
    publisher={{Manning}},
    isbn={9781617291005}
}

@misc{hintjens-amqp,
    title={{Burning Down the House}},
    author={Hintjens, Pieter},
    year=2012,
    publisher={Hintjens.com},
    url={http://hintjens.com/blog:28},
    note={{Zugriff am 21.05.2020}}
}

@misc{amqp-model-explained,
    title={{AMQP 0-9-1 Model Explained}},
    publisher={{Pivotal}},
    url={https://www.rabbitmq.com/tutorials/amqp-concepts.html},
    note={{Zugriff am 21.05.2020}}
}

@misc{amqp.org,
    title={{AMQP is the Internet Protocol for Business Messaging}},
    publisher={{AMQP.org}},
    url={http://www.amqp.org/about/what},
    note={{Zugriff am 21.05.2020}}
}

@misc{amqp-vs-mqtt,
    title={{AMQP vs MQTT}},
    publisher={{EDUCBA}},
    url={https://www.educba.com/amqp-vs-mqtt/},
    note={{Zugriff am 21.05.2020}}
}

@misc{protobuf,
    title={{Protocol Buffer Basics: Go}},
    publisher={{Google Developers}},
    year=2020,
    url={https://developers.google.com/protocol-buffers/docs/gotutorial},
    note={{Zugriff am 22.05.2020}}
}

@misc{using-go-modules,
    title={{Using Go Modules}},
    author={Bui-Palsulich, Tyler and Compton, Eno},
    publisher={{The Go Blog}},
    year=2019,
    url={https://blog.golang.org/using-go-modules},
    note={{Zugriff am 24.05.2020}}
}

@phdthesis{armstrong2003,
    title={{Making Reliable Distributed Systems in the Presence of Software Errors}},
    author={Armstrong, Joe},
    year={2003},
    school={Mikroelektronik och informationsteknik}
}
