@misc{pren1,
    title={{Silisloth}},
    subtitle={{Konzept einer autonomen Laufkatze}},
    author={Bertozzi, S. and Binkert, C. and Bucher, P. and Duong, A. and Frei, Q. and Greber, J. and Lovrinovic, M. and Togan, J.},
    year=2017,
    organization={HSLU}
}

@book{effective-python,
    title={{Effective Python}},
    subtitle={{59 Specific Ways to Write Better Python}},
    author={Slatkin, Brett},
    year=2015,
    publisher={{Addison-Wesley}},
    isbn={978-0-13-403428-7}
}

@misc{picam,
    title={{Camera Module}},
    subtitle={{Hardware specification}},
    organization={{Raspberry Pi Foundation}},
    howpublished={\url{https://www.raspberrypi.org/documentation/hardware/camera/README.md}},
    year=2016,
    note={{Camera Module v2}},
    urldate={{20.05.2018}}
}

@book{roloff-matek,
    title={{Roloff/Matek Maschinenelemente Formelsammlung}},
    author={Wittel, H. and Jannasch, D. and Vo√üiek, J.},
    year=2016,
    publisher={{Springer}},
    isbn={978-3-658-13815-8},
    edition=13
}

@misc{arduino,
    title={{Arduino Uno Rev3}},
    organization={{Arduino}},
    howpublished={\url{https://store.arduino.cc/arduino-uno-rev3}},
    urldate={{24.05.2018}}
}

@misc{magnetventil,
    title={{U.S. Solid Mini 12V DC pneumatische Magnetventil 2 Weg Luft Ventil}},
    organization={{Amazon}},
    howpublished={\url{https://www.amazon.de/dp/B01MR60WQK}},
    urldate={24.05.2018}
}

@misc{motorshield,
    title={{Adafruit Motor/Stepper/Servo Shield for Arduino v2 Kit}},
    organization={{Adafruit}},
    howpublished={\url{https://www.adafruit.com/product/1438}},
    urldate={24.05.2018}
}

@misc{relais,
    title={{Single Relay Board}},
    organization={{Parallax Inc.}},
    howpublished={\url{https://www.parallax.com/product/27115}},
    urldate={24.05.2018}
}

@misc{spannungsueberwachung,
    title={{LiPo-Summer Pichler}},
    organization={{Conrad}},
    howpublished={\url{https://www.conrad.ch/de/lipo-summer-pichler-l-x-b-x-h-35-x-25-x-10-mm-1435735.html}},
    urldate={24.05.2018}
}

@misc{stepdownconverter,
    title={{LM2596 S DC-DC Adjustable Step Down Buck Converter}},
    organization={{Hobby-Elektronik.ch}},
    howpublished={\url{https://hobby-elektronik.ch/Module-Sensoren/Stromversorgung/Step-Down-Abwaertswandler/LM2596-S-DC-DC-Adjustable-Step-Down-Buck-Converter::24.html}},
    urldate={24.05.2018}
}

@misc{akku,
    title={{RC-Akku LiPo 1300 mAh}},
    organization={{Brack.ch}},
    howpublished={\url{https://www.brack.ch/tattu-rc-akku-lipo-1300-mah-366107}},
    urldate={08.06.2018}
}

@book{opencv,
    title={{OpenCV with Python Blueprints}},
    author={{Beyeler, M.}},
    publisher={{Packt Publishing}},
    year=2015,
    isbn={978-1785282690}
}

@book{numpy,
    title={{NumPy}},
    subtitle={{Beginner's Guide}},
    author={{Idris, I.}},
    publisher={{Packt Publishing}},
    year=2015,
    isbn={978-1785281969}
}

@misc{rpigpio,
    title={{RPi.GPIO 0.6.3}},
    organization={{PyPi.org}},
    year=2016,
    howpublished={\url{https://pypi.org/project/RPi.GPIO/}},
    urldate={24.05.2018}
}

@misc{picamera,
    title={{picamera 1.13}},
    organization={{PyPi.org}},
    year=2017,
    howpublished={\url{https://pypi.org/project/picamera/}},
    urldate={24.05.2018}
}

@misc{pyserial,
    title={{pyserial 3.4}},
    organization={{PyPi.org}},
    year=2017,
    howpublished={\url{https://pypi.org/project/pyserial/}},
    urldate={24.05.2018}
}
