@book{oauth2-in-action,
    title={{OAuth 2 in Action}},
    author={Richer, Justin and Sanso, Antonio},
    year=2017,
    publisher={{Manning}},
    isbn={978-1-61729-327-6}
}

@techreport{RFC6749,
    author = {D. Hardt},
    title = {{The OAuth 2.0 Authorization Framework}},
    howpublished = {Internet Requests for Comments},
    type = {RFC},
    number = {6749},
    year = {2012},
    month = {October},
    issn = {2070-1721},
    publisher = {RFC Editor},
    institution = {RFC Editor},
    url = {http://www.rfc-editor.org/rfc/rfc6749.txt},
}

@techreport{RFC6750,
    author = {M. Jones and D. Hardt},
    title = {{The OAuth 2.0 Authorization Framework: Bearer Token Usage}},
    howpublished = {Internet Requests for Comments},
    type = {RFC},
    number = {6750},
    year = {2012},
    month = {October},
    issn = {2070-1721},
    publisher = {RFC Editor},
    institution = {RFC Editor},
    url = {http://www.rfc-editor.org/rfc/rfc6750.txt},
}

@techreport{RFC7519,
    author = {M. Jones and J. Bradley and N. Sakimura},
    title = {{JSON Web Token (JWT)}},
    howpublished = {Internet Requests for Comments},
    type = {RFC},
    number = {7519},
    year = {2015},
    month = {May},
    issn = {2070-1721},
    publisher = {RFC Editor},
    institution = {RFC Editor},
    url = {http://www.rfc-editor.org/rfc/rfc7519.txt},
}

@misc{endgadget-facebook,
    author = {Khalid, Amrita},
    title = {{Facebook stops asking new users for email passwords}},
    editor = {endgadget.com},
    month = {March},
    year = {2019},
    howpublished = {\url{https://www.engadget.com/2019/04/03/facebook-stops-asking-new-users-for-email-passwords}},
    urldate = {2019/03/04},
}

@unpublished{EWD936,
    author = {Dijkstra, Edsger W.},
    title = {{On Anthropomorphism in Science}},
    month = September,
    year = 1985,
    note = {circulated privately},
    howpublished = {\url{http://www.cs.utexas.edu/users/EWD/ewd09xx/EWD936.PDF}},
    urldate = {2019/04/21},
}

@misc{owasp2017,
    title = {{OWASP Top 10 2017}},
    year = 2017,
    publisher = {Open Web Application Security Project},
    howpublished = {\url{https://www.owasp.org/index.php/Top_10-2017_Top_10}},
    urldate = {2019/05/13},
}
