@misc{raspispec,
    title={{Raspberry Pi Model 3}},
    organization={Raspberry Pi Foundation},
    howpublished={\url{https://www.raspberrypi.org/products/raspberry-pi-3-model-b/}},
    year=2016,
    note={{Technische Spezifikation}},
    urldate={07.12.2017}
}

@misc{ultraschallhowto,
    author={Plate, Jürgen},
    title={{Raspberry Pi: Ultraschall-Entfernungsmessung mit HC-SR04}},
    organization={Netzmafia},
    howpublished={\url{http://www.netzmafia.de/skripten/hardware/RasPi/Projekt-Ultraschall/index.html}},
    year=2017,
    urldate={07.12.2017}
}

@misc{ultraschallspec,
    title={{Ultrasonic Ranging Module: HC-SR04}},
    organization={{ITead Studio}},
    howpublished={\url{http://cdn2.boxtec.ch/pub/iteadstudio/HC-SR04.pdf}},
    year=2010,
    urldate={07.12.2017}
}

@misc{freedomboardspec,
    title={{Kinetis KL25 Sub-Family}},
    subtitle={{48 MHz Cortex-M0+ Based Microcontroller with USB}},
    organization={{NXP Semiconductors}},
    howpublished={\url{https://www.nxp.com/docs/en/data-sheet/KL25P80M48SF0.pdf}},
    year=2014,
    urldate={07.12.2017}
}

@misc{endschalter,
    title={{Mikroendschalter}},
    organization={{ML-TEC}},
    howpublished={\url{http://ml-tec-shop.ch/index.php?a=495}},
    urldate={08.12.2017}
}

@misc{raspbian-faq,
    title={{Raspbian FAQ}},
    organization={{Raspberry Pi Foundation}},
    howpublished={{https://www.raspbian.org/RaspbianFAQ}},
    urldate={08.12.2017}
}

@misc{python-brochure,
    title={{Python. A Programming Language Changes the World}},
    subtitle={{Case Studies \& Success Stories}},
    howpublished={\url{http://brochure.getpython.info/media/releases/prerelases/psf-python-brochure-vol-1-final-content-preview}},
    year=2017,
    organization={{Python Software Foundation}},
    urldate={08.12.2017},
    note={Broschüre}
}

@misc{opencv-about,
    title={{About OpenCV}},
    howpublished={\url{https://opencv.org/about.html}},
    organization={{OpenCV Team}},
    year=2017,
    urldate={08.12.2017}
}

@misc{raspi-cam,
    title={{Camera Module V2}},
    organization={{Raspberry Pi Foundation}},
    howpublished={\url{https://www.raspberrypi.org/products/camera-module-v2/}},
    urldate={08.12.2017}
}

@misc{arduino-uno,
    title={{Arduino Uno Rev3}},
    organization={{Arduino}},
    howpublished={\url{https://store.arduino.cc/usa/arduino-uno-rev3}},
    urldate={08.12.2017},
    year=2017
}

@misc{getriebemotor,
    title={{Getriebemotor 12 V Igarashi TYP 33G-125}},
    organization={{Igarashi Motoren GmbH}},
    year=1999,
    howpublished={\url{https://www.conrad.ch/de/getriebemotor-12-v-igarashi-typ-33g-125-244031.html}},
    urldate={08.12.2017}
}

@misc{luftpumpe,
    title={{Mini Air Pump DC 6V and DC 12V Motor 370 for Aquarium}},
    organization={{wish}},
    howpublished={\url{https://www.wish.com/c/570fc11a9df4c35cd9428f82}},
    urldate={08.12.2017}
}

@misc{schrittmotor,
    title={{Schrittmotor Emis E547-52500}},
    organization={{EMIS GmbH}},
    howpublished={\url{https://www.conrad.ch/de/schrittmotor-emis-e547-52500-025-nm-06-a-wellen-durchmesser-5-mm-198398.html}},
    urldate={08.12.2017}
}

@misc{motorshield,
    title={{Adafruit Motor Shield}},
    organization={{Adafruit Industries}},
    howpublished={\url{https://cdn-learn.adafruit.com/downloads/pdf/adafruit-motor-shield.pdf}},
    year=2015,
    urldate={08.12.2017}
}

@misc{elektromagnet,
    title={{Elektromagnet 300 N 24 V/DC 28 W Intertec ITS-PE3529-24VDC}},
    organization={{Intertec Components}},
    howpublished={\url{https://www.conrad.ch/de/elektromagnet-300-n-24-vdc-28-w-intertec-its-pe3529-24vdc-506164.html}},
    urldate={13.12.2017}
}

@misc{usb-cdc,
    title={{Tutorial: USB CDC with the KL25Z Freedom Board}},
    author={Styger, Erich},
    organization={{MCU on Eclipse}},
    year=2012,
    howpublished={\url{https://mcuoneclipse.com/2012/10/07/tutorial-usb-cdc-with-the-kl25z-freedom-board/}},
    urldate={14.12.2017}
}

@misc{silikongreifer,
    title={{Air-Powered Soft Robotic Gripper}},
    author={Finio, Ben},
    organization={instructables},
    year=2014,
    howpublished={\url{http://www.instructables.com/id/Air-Powered-Soft-Robotic-Gripper/}},
    urldate={14.12.2017}
}

@misc{silikon,
    title={{Ecoflex® 00-30}},
    organization={{Smooth-On}},
    howpublished={\url{https://www.smooth-on.com/products/ecoflex-00-30/}},
    urldate={14.12.2017},
}

@misc{ultraschallberechnung,
    title={{Ultraschall-Sensor HC-SR04 und kompatible Ultraschall-Module}},
    organization={{Mikrocontroller-Elektronik.de}},
    howpublished={\url{http://www.mikrocontroller-elektronik.de/ultraschallsensor-hc-sr04/}},
    urldate={14.12.2017}
}
