@article{nicol2002adaptive,
	author = {Nicol, J Fergus and Humphreys, Michael A},
	journal = {Energy and buildings},
	number = {6},
	pages = {563--572},
	publisher = {Elsevier},
	title = {Adaptive thermal comfort and sustainable thermal standards for buildings},
	volume = {34},
	year = {2002}
}

@article{epstein2006thermal,
	author = {Epstein, Yoram and Moran, Daniel S},
	journal = {Industrial health},
	number = {3},
	pages = {388--398},
	publisher = {National Institute of Occupational Safety and Health},
	title = {Thermal comfort and the heat stress indices},
	volume = {44},
	year = {2006}
}

@article{indoor_pollutant,
	author = {Satish, Usha and Mendell, Mark and Shekhar, Krishnamurthy and Hotchi, Toshifumi and Sullivan, Douglas and Streufert, Siegfried and Fisk, William},
	journal = {Research},
	month = {12},
	number = {12},
	title = {Is {C}{O}$_2$ an {I}ndoor {P}ollutant? {D}irect {E}ffects of {L}ow-to-{M}oderate {C}{O}$_2$ {C}oncentrations on {H}uman {D}ecision-{M}aking {P}erformance},
	volume = {120},
	year = {2012}
}

@article{air_quality,
	author = {Ibaseta, Daniel and Molleda, Julio and D{\'\i}ez, Fidel and Granda, Juan},
	journal = {Proceedings},
	month = {11},
	title = {{I}ndoor {A}ir {Q}uality {M}onitoring {S}ensor for the {W}eb of {T}hings},
	volume = {2},
	year = {2018}
}

